<record><leader>00000cas a22000007a 4500</leader><controlfield tag="001">22723601</controlfield><controlfield tag="008">901121d19881989mnuwr ne      0    0eng d</controlfield><datafield ind1=" " ind2=" " tag="010"><subfield code="a">sn 90060664 </subfield></datafield><datafield ind1=" " ind2=" " tag="040"><subfield code="a">MN#</subfield><subfield code="b">eng</subfield><subfield code="c">MN#</subfield><subfield code="d">OCLCQ</subfield><subfield code="d">OCLCO</subfield></datafield><datafield ind1="1" ind2=" " tag="029"><subfield code="a">AU@</subfield><subfield code="b">000025909407</subfield></datafield><datafield ind1=" " ind2=" " tag="042"><subfield code="a">msc</subfield></datafield><datafield ind1=" " ind2=" " tag="043"><subfield code="a">n-us-mn</subfield></datafield><datafield ind1=" " ind2=" " tag="052"><subfield code="a">4144</subfield><subfield code="b">C785</subfield></datafield><datafield ind1=" " ind2=" " tag="052"><subfield code="a">4143</subfield><subfield code="b">L9</subfield><subfield code="b">Y4</subfield><subfield code="b">R4</subfield></datafield><datafield ind1="0" ind2=" " tag="130"><subfield code="a">Tri-County news (Cottonwood, Minn. : 1988)</subfield></datafield><datafield ind1="1" ind2="0" tag="245"><subfield code="a">Tri-County news.</subfield></datafield><datafield ind1=" " ind2=" " tag="260"><subfield code="a">Cottonwood, Lyon Co., MN :</subfield><subfield code="b">Byron Higgin,</subfield><subfield code="c">1988-1989.</subfield></datafield><datafield ind1=" " ind2=" " tag="300"><subfield code="a">2 v.</subfield></datafield><datafield ind1=" " ind2=" " tag="310"><subfield code="a">Weekly</subfield></datafield><datafield ind1="0" ind2=" " tag="362"><subfield code="a">No. 1 [i.e. vol. 8, no. 23] (June 9, 1988)-v. 9, no. 34 (Aug. 30, 1989).</subfield></datafield><datafield ind1=" " ind2=" " tag="530"><subfield code="a">Available on microfilm from the Minnesota Historical Society.</subfield></datafield><datafield ind1=" " ind2=" " tag="580"><subfield code="a">Merged with: Clarkfield advocate, to form: Tri-County advocate (Clarkfield ed.), and Tri-County advocate (Cottonwood ed.).</subfield></datafield><datafield ind1=" " ind2="0" tag="651"><subfield code="a">Lyon County (Minn.)</subfield><subfield code="v">Newspapers.</subfield></datafield><datafield ind1=" " ind2="0" tag="651"><subfield code="a">Redwood County (Minn.)</subfield><subfield code="v">Newspapers.</subfield></datafield><datafield ind1=" " ind2="0" tag="651"><subfield code="a">Yellow Medicine County (Minn.)</subfield><subfield code="v">Newspapers.</subfield></datafield><datafield ind1=" " ind2="0" tag="651"><subfield code="a">Cottonwood (Minn.)</subfield><subfield code="v">Newspapers.</subfield></datafield><datafield ind1=" " ind2=" " tag="752"><subfield code="a">United States</subfield><subfield code="b">Minnesota</subfield><subfield code="c">Lyon</subfield><subfield code="d">Cottonwood.</subfield></datafield><datafield ind1=" " ind2=" " tag="752"><subfield code="a">United States</subfield><subfield code="b">Minnesota</subfield><subfield code="c">Yellow Medicine.</subfield></datafield><datafield ind1=" " ind2=" " tag="752"><subfield code="a">United States</subfield><subfield code="b">Minnesota</subfield><subfield code="c">Redwood.</subfield></datafield><datafield ind1="0" ind2="0" tag="780"><subfield code="t">Independent/current/enterprise news</subfield><subfield code="w">(DLC)sn 90060679</subfield></datafield><datafield ind1="0" ind2="7" tag="780"><subfield code="t">Clarkfield advocate</subfield><subfield code="w">(DLC)sn 83016509</subfield></datafield><datafield ind1="0" ind2="7" tag="785"><subfield code="t">Tri-County advocate (Clarkfield, Minn. : Clarkfield ed.)</subfield><subfield code="w">(DLC)sn 90060680</subfield></datafield><datafield ind1="0" ind2="7" tag="785"><subfield code="t">Tri-County advocate (Clarkfield, Minn. : Cottonwood ed.)</subfield><subfield code="w">(DLC)sn 90060681</subfield></datafield></record>